%% LaTeX2e file `hbrs-example.bib'
%% generated by the `filecontents' environment
%% from source `hbrs-example' on 2022/09/27.
%%
 @article{Huo2002,
  author = {Zhimin Huo and Maryellen L. Giger and Olufunmilayo I. Olopade and Dulcy E. Wolverton and Barbara L. Weber and Charles E. Metz and Weiming Zhong and Shelly A. Cummings},
  title = {Computerized Analysis of Digitized Mammograms of BRCA1 and BRCA2 Gene Mutation Carriers},
  journal = {Radiology},
  volume = {225},
  number = {2},
  pages = {519-526},
  year = {2002},
  doi = {10.1148/radiol.2252010845},
  note ={PMID: 12409590},
 }
